@misc{promptingguide,
  title = {Prompt Engineering Guide: The Ultimate Guide to Generative AI},
  author = {Prompt Engineering Guide},
  year = {2024},
  url = {https://www.promptingguide.ai/introduction/basics},
  note = {Accessed: 2024-10-22}
}